@article{Dussault2012,
title = "Integration of smart windows into building design for reduction of yearly overall energy consumption and peak loads",
journal = "Solar Energy",
volume = "86",
number = "11",
pages = "3405 - 3416",
year = "2012",
note = "",
issn = "0038-092X",
doi = "10.1016/j.solener.2012.07.016",
url = "http://www.sciencedirect.com/science/article/pii/S0038092X12002782",
author = "Jean-Michel Dussault and Louis Gosselin and Tigran Galstian",
keywords = "Smart windows",
keywords = "Switchable glazing",
keywords = "Heat transfer",
keywords = "Solar radiation",
keywords = "Daylighting",
keywords = "Building energy efficiency"
}

@article{Baetens2010,
title = "Properties, requirements and possibilities of smart windows for dynamic daylight and solar energy control in buildings: A state-of-the-art review",
journal = "Solar Energy Materials and Solar Cells",
volume = "94",
number = "2",
pages = "87 - 105",
year = "2010",
note = "",
issn = "0927-0248",
doi = "10.1016/j.solmat.2009.08.021",
url = "http://www.sciencedirect.com/science/article/pii/S0927024809002992",
author = "Ruben Baetens and Bj√∏rn Petter Jelle and Arild Gustavsen",
keywords = "Transparent conductor",
keywords = "Smart window",
keywords = "Electrochromic window",
keywords = "Gasochromic window",
keywords = "Liquid crystal window",
keywords = "Suspended-particle window",
keywords = "Electrophoretic window",
keywords = "Daylight control",
keywords = "Solar energy control"
}

@misc{Engfeldt12,
author = {Degerman Engfeldt, Johnny},
institution = {KTH, Applied Electrochemistry},
pages = {vii, 35},
school = {KTH, Applied Electrochemistry},
title = {Predicting Electrochromic Smart Window Performance},
series = {Trita-CHE-Report},
number = {2012:24},
year = {2012}
}

@article{Monk2001,
title = "Toward the tailoring of electrochromic bands of metal-oxide mixtures",
journal = "Electrochimica Acta",
volume = "46",
number = "13 - 14",
pages = "2091 - 2096",
year = "2001",
note = "",
issn = "0013-4686",
doi = "10.1016/S0013-4686(01)00376-0",
url = "http://www.sciencedirect.com/science/article/pii/S0013468601003760",
author = "Paul M.S. Monk and Safina P. Akhtar and Julie Boutevin and John R. Duffield",
keywords = "Electrochromism",
keywords = "Electrodeposition",
keywords = "Spectroscopy",
keywords = "Optical basicity"
}

@book{monk2008,
  title={Electrochromism},
  author={Monk, P.M.S. and Mortimer, R.J. and Rosseinsky, D.R.},
  isbn={9783527615360},
  url={http://www.google.se/books?id=lR2FDJdPnoMC},
  year={2008},
  publisher={Wiley}
}

@Article{Niklasson2007,
author ="Niklasson, Gunnar A. and Granqvist, Claes G.",
title  ="Electrochromics for smart windows: thin films of tungsten oxide and nickel oxide{,} and devices based on these",
journal  ="J. Mater. Chem.",
year  ="2007",
volume  ="17",
issue  ="2",
pages  ="127 - 156",
publisher  ="The Royal Society of Chemistry",
doi  ="10.1039/B612174H",
url  ="http://dx.doi.org/10.1039/B612174H"
}

@INPROCEEDINGS{pinto2008,
author={Pinto, A. and D'Angelo, M. and Fischione, C. and Scholte, E. and Sangiovanni-Vincentelli, A.},
booktitle={American Control Conference, 2008},
title={Synthesis of embedded networks for building automation and control},
year={2008},
month={june},
volume={},
number={},
pages={920 -925},
keywords={Automatic control;Automation;Buildings;Communication networks;Communication system control;Communication system software;Control system synthesis;Cost function;Network synthesis;Temperature control;building management systems;control system synthesis;error statistics;optimal control;radio networks;automatic design exploration;building automation;building geometry;embedded wireless communication network synthesis;packet error rate;software framework;},
doi={10.1109/ACC.2008.4586610},
ISSN={0743-1619}
}

@article{Marinakis2013,
title = "An integrated system for buildings' energy-efficient automation: Application in the tertiary sector",
journal = "Applied Energy",
volume = "101",
number = "0",
pages = "6 - 14",
year = "2013",
note = "Sustainable Development of Energy, Water and Environment System",
issn = "0306-2619",
doi = "10.1016/j.apenergy.2012.05.032",
url = "http://www.sciencedirect.com/science/article/pii/S0306261912004059",
author = "Vangelis Marinakis and Haris Doukas and Charikleia Karakosta and John Psarras",
keywords = "Energy efficiency",
keywords = "Green building",
keywords = "Automation systems",
keywords = "Building energy management systems"
}

@article{Derek1997,
title = "What do we mean by intelligent buildings?",
journal = "Automation in Construction",
volume = "6",
number = "5 - 6",
pages = "395 - 400",
year = "1997",
note = "",
issn = "0926-5805",
doi = "10.1016/S0926-5805(97)00018-6",
url = "http://www.sciencedirect.com/science/article/pii/S0926580597000186",
author = "T. Derek and J. Clements-Croome",
keywords = "Intelligent building",
keywords = "Performance",
keywords = "Management",
keywords = "Technology",
keywords = "Design",
keywords = "Human needs",
keywords = "Facilities management",
keywords = "Systems"
}

@article{Assimakopoulos2007,
title = "Comparing the energy performance of an electrochromic window under various control strategies",
journal = "Building and Environment",
volume = "42",
number = "8",
pages = "2829 - 2834",
year = "2007",
note = "",
issn = "0360-1323",
doi = "10.1016/j.buildenv.2006.04.004",
url = "http://www.sciencedirect.com/science/article/pii/S0360132306001065",
author = "M.N. Assimakopoulos and A. Tsangrassoulis and M. Santamouris and G. Guarracino",
keywords = "Electrochromic glazing",
keywords = "Control",
keywords = "Energy consumption"
}

@book{Hersent2011,
  title={The Internet of Things: Key Applications and Protocols},
  author={Hersent, O. and Boswarthick, D. and Elloumi, O.},
  isbn={9781119966708},
  url={http://www.google.se/books?id=yGRW-6tlHRAC},
  year={2011},
  publisher={Wiley}
}

@proceedings{Echelon94,
title = {proceedings},
year = {1994},
url = {http://www.echelon.com/support/documentation/bulletin/005-0044-01A.pdf}
}